@misc{curie1,
  title        = {This Month in Physics History},
  author       = {Unknown},
  year         = Unknown,
  note         = {Accessed: (28/5-2024)},
  howpublished = {\url{https://www.aps.org/archives/publications/apsnews/200412/history.cfm}}
},

@misc{curie2,
  title        = {Marie and Pierre Curie and the discovery of polonium and radium },
  author       = {Nanny Fr√∂man},
  year         = 1996,
  note         = {Accessed: (28/5-2024)},
  howpublished = {\url{https://www.nobelprize.org/prizes/themes/marie-and-pierre-curie-and-the-discovery-of-polonium-and-radium/#footnote}}
}