@article{what_is_a_savitky-Golay_filter,
abstract = {This article has attempted to answer the question "What is a Savitky-Golay filter?" in terms that will be familiar to the DSP community and readers of IEEE Signal Processing Magazine. This article reviewed the definition and properties of S-G filters and showed how they can be designed easily using polynomial approximation of an impulse sequence. In contrast to most discussions of S-G filters, they focused on the frequency domain properties, and offered an approximate formula for the 3-dB cutoff frequency as a function of polynomial order N and impulse response half length M. Engineers with a frequency domain mindset may find this useful if they choose to use S-G filters in their application.},
author = {Schafer, R W},
address = {New York},
journal = {IEEE signal processing magazine},
copyright = {Copyright The Institute of Electrical and Electronics Engineers, Inc. (IEEE) Jul 2011},
issn = {1053-5888},
keywords = {Approximation methods ; Cutoff frequency ; Filters ; Finite impulse response filter ; Polynomials ; Smoothing methods},
language = {eng},
number = {4},
pages = {111-117},
publisher = {IEEE},
title = {What Is a Savitzky-Golay Filter? [Lecture Notes]},
volume = {28},
year = {2011},
},

@book{mekKF_bok,
author = {Bedford, Anthony and Fowler, Wallace L. and Ahmad, Yusof.},
address = {Singapore ;},
booktitle = {Engineering mechanics. Dynamics},
edition = {5th ed. in SI units.},
isbn = {9789810679408},
keywords = {Mechanics},
language = {eng},
publisher = {Prentice Hall},
title = {Engineering mechanics. Dynamics },
year = {2008},
},

@misc{Rikards_föreläsningar,
  author       = {Rikard Enberg},
  howpublished = {Föreläsnings anteckningar},
  title        = {Mekanik KF föreläsningar},
  year         = {2023}
},

@book{PH,
author = {Nordling, Carl and Österman, Jonny},
address = {Lund},
edition = {8., [rev.] ed.},
isbn = {9144044534},
booktitle = {Physics handbook for science and engineering},
year = {2006},
keywords = {Fysik},
language = {eng},
publisher = {Studentlitteratur},
title = {Physics handbook for science and engineering },
},

@ARTICLE{2025ApJ...982...13B,
       author = {{Behmard}, Aida and {Ness}, Melissa K. and {Casey}, Andrew R. and {Angus}, Ruth and {Cunha}, Katia and {Souto}, Diogo and {Lu}, Yuxi(Lucy) and {Johnson}, Jennifer A.},
        title = "{A Data-driven M Dwarf Model and Detailed Abundances for {\ensuremath{\sim}}17,000 M Dwarfs in SDSS-V}",
      journal = {\apj},
     keywords = {Stellar abundances, M dwarf stars, High resolution spectroscopy, 1577, 982, 2096, Astrophysics - Solar and Stellar Astrophysics, Astrophysics - Earth and Planetary Astrophysics, Astrophysics - Astrophysics of Galaxies},
         year = 2025,
        month = mar,
       volume = {982},
       number = {1},
          eid = {13},
        pages = {13},
          doi = {10.3847/1538-4357/adaf1f},
archivePrefix = {arXiv},
       eprint = {2501.14955},
 primaryClass = {astro-ph.SR},
       adsurl = {https://ui.adsabs.harvard.edu/abs/2025ApJ...982...13B},
      adsnote = {Provided by the SAO/NASA Astrophysics Data System}
}

@ARTICLE{2024MNRAS.529.3171R,
       author = {{Rains}, Adam D. and {Nordlander}, Thomas and {Monty}, Stephanie and {Casey}, Andrew R. and {Rojas-Ayala}, B{\'a}rbara and {{\v{Z}}erjal}, Maru{\v{s}}a and {Ireland}, Michael J. and {Casagrande}, Luca and {McKenzie}, Madeleine},
        title = "{Cool and data-driven: an exploration of optical cool dwarf chemistry with both data-driven and physical models}",
      journal = {\mnras},
     keywords = {methods: data analysis, techniques: spectroscopic, stars: fundamental parameters, stars: low-mass, Astrophysics - Solar and Stellar Astrophysics, Astrophysics - Earth and Planetary Astrophysics, Astrophysics - Astrophysics of Galaxies},
         year = 2024,
        month = apr,
       volume = {529},
       number = {4},
        pages = {3171-3196},
          doi = {10.1093/mnras/stae560},
archivePrefix = {arXiv},
       eprint = {2402.14639},
 primaryClass = {astro-ph.SR},
       adsurl = {https://ui.adsabs.harvard.edu/abs/2024MNRAS.529.3171R},
      adsnote = {Provided by the SAO/NASA Astrophysics Data System}
}

@ARTICLE{2020ApJ...898..119R,
       author = {{Rice}, Malena and {Brewer}, John M.},
        title = "{Stellar Characterization of Keck HIRES Spectra with The Cannon}",
      journal = {\apj},
     keywords = {High resolution spectroscopy, Spectroscopy, Stellar abundances, Metallicity, Chemical abundances, Stellar properties, Stellar physics, Exoplanets, Catalogs, Radial velocity, Astrostatistics techniques, Stellar spectral lines, 2096, 1558, 1577, 1031, 224, 1624, 1621, 498, 205, 1332, 1886, 1630, Astrophysics - Earth and Planetary Astrophysics, Astrophysics - Instrumentation and Methods for Astrophysics, Astrophysics - Solar and Stellar Astrophysics},
         year = 2020,
        month = aug,
       volume = {898},
       number = {2},
          eid = {119},
        pages = {119},
          doi = {10.3847/1538-4357/ab9f96},
archivePrefix = {arXiv},
       eprint = {2007.02942},
 primaryClass = {astro-ph.EP},
       adsurl = {https://ui.adsabs.harvard.edu/abs/2020ApJ...898..119R},
      adsnote = {Provided by the SAO/NASA Astrophysics Data System}
}

@ARTICLE{2018A&A...609A.117T,
       author = {{Trifonov}, T. and {K{\"u}rster}, M. and {Zechmeister}, M. and {Tal-Or}, L. and {Caballero}, J.~A. and {Quirrenbach}, A. and {Amado}, P.~J. and {Ribas}, I. and {Reiners}, A. and {Reffert}, S. and {Dreizler}, S. and {Hatzes}, A.~P. and {Kaminski}, A. and {Launhardt}, R. and {Henning}, Th. and {Montes}, D. and {B{\'e}jar}, V.~J.~S. and {Mundt}, R. and {Pavlov}, A. and {Schmitt}, J.~H.~M.~M. and {Seifert}, W. and {Morales}, J.~C. and {Nowak}, G. and {Jeffers}, S.~V. and {Rodr{\'\i}guez-L{\'o}pez}, C. and {del Burgo}, C. and {Anglada-Escud{\'e}}, G. and {L{\'o}pez-Santiago}, J. and {Mathar}, R.~J. and {Ammler-von Eiff}, M. and {Guenther}, E.~W. and {Barrado}, D. and {Gonz{\'a}lez Hern{\'a}ndez}, J.~I. and {Mancini}, L. and {St{\"u}rmer}, J. and {Abril}, M. and {Aceituno}, J. and {Alonso-Floriano}, F.~J. and {Antona}, R. and {Anwand-Heerwart}, H. and {Arroyo-Torres}, B. and {Azzaro}, M. and {Baroch}, D. and {Bauer}, F.~F. and {Becerril}, S. and {Ben{\'\i}tez}, D. and {Berdi{\~n}as}, Z.~M. and {Bergond}, G. and {Bl{\"u}mcke}, M. and {Brinkm{\"o}ller}, M. and {Cano}, J. and {C{\'a}rdenas V{\'a}zquez}, M.~C. and {Casal}, E. and {Cifuentes}, C. and {Claret}, A. and {Colom{\'e}}, J. and {Cort{\'e}s-Contreras}, M. and {Czesla}, S. and {D{\'\i}ez-Alonso}, E. and {Feiz}, C. and {Fern{\'a}ndez}, M. and {Ferro}, I.~M. and {Fuhrmeister}, B. and {Galad{\'\i}-Enr{\'\i}quez}, D. and {Garcia-Piquer}, A. and {Garc{\'\i}a Vargas}, M.~L. and {Gesa}, L. and {G{\'o}mez Galera}, V. and {Gonz{\'a}lez-Peinado}, R. and {Gr{\"o}zinger}, U. and {Grohnert}, S. and {Gu{\`a}rdia}, J. and {Guijarro}, A. and {de Guindos}, E. and {Guti{\'e}rrez-Soto}, J. and {Hagen}, H. -J. and {Hauschildt}, P.~H. and {Hedrosa}, R.~P. and {Helmling}, J. and {Hermelo}, I. and {Hern{\'a}ndez Arab{\'\i}}, R. and {Hern{\'a}ndez Casta{\~n}o}, L. and {Hern{\'a}ndez Hernando}, F. and {Herrero}, E. and {Huber}, A. and {Huke}, P. and {Johnson}, E. and {de Juan}, E. and {Kim}, M. and {Klein}, R. and {Kl{\"u}ter}, J. and {Klutsch}, A. and {Lafarga}, M. and {Lamp{\'o}n}, M. and {Lara}, L.~M. and {Laun}, W. and {Lemke}, U. and {Lenzen}, R. and {L{\'o}pez del Fresno}, M. and {L{\'o}pez-Gonz{\'a}lez}, M.~J. and {L{\'o}pez-Puertas}, M. and {L{\'o}pez Salas}, J.~F. and {Luque}, R. and {Mag{\'a}n Madinabeitia}, H. and {Mall}, U. and {Mandel}, H. and {Marfil}, E. and {Mar{\'\i}n Molina}, J.~A. and {Maroto Fern{\'a}ndez}, D. and {Mart{\'\i}n}, E.~L. and {Mart{\'\i}n-Ruiz}, S. and {Marvin}, C.~J. and {Mirabet}, E. and {Moya}, A. and {Moreno-Raya}, M.~E. and {Nagel}, E. and {Naranjo}, V. and {Nortmann}, L. and {Ofir}, A. and {Oreiro}, R. and {Pall{\'e}}, E. and {Panduro}, J. and {Pascual}, J. and {Passegger}, V.~M. and {Pedraz}, S. and {P{\'e}rez-Calpena}, A. and {P{\'e}rez Medialdea}, D. and {Perger}, M. and {Perryman}, M.~A.~C. and {Pluto}, M. and {Rabaza}, O. and {Ram{\'o}n}, A. and {Rebolo}, R. and {Redondo}, P. and {Reinhardt}, S. and {Rhode}, P. and {Rix}, H. -W. and {Rodler}, F. and {Rodr{\'\i}guez}, E. and {Rodr{\'\i}guez Trinidad}, A. and {Rohloff}, R. -R. and {Rosich}, A. and {Sadegi}, S. and {S{\'a}nchez-Blanco}, E. and {S{\'a}nchez Carrasco}, M.~A. and {S{\'a}nchez-L{\'o}pez}, A. and {Sanz-Forcada}, J. and {Sarkis}, P. and {Sarmiento}, L.~F. and {Sch{\"a}fer}, S. and {Schiller}, J. and {Sch{\"o}fer}, P. and {Schweitzer}, A. and {Solano}, E. and {Stahl}, O. and {Strachan}, J.~B.~P. and {Su{\'a}rez}, J.~C. and {Tabernero}, H.~M. and {Tala}, M. and {Tulloch}, S.~M. and {Veredas}, G. and {Vico Linares}, J.~I. and {Vilardell}, F. and {Wagner}, K. and {Winkler}, J. and {Wolthoff}, V. and {Xu}, W. and {Yan}, F. and {Zapatero Osorio}, M.~R.},
        title = "{The CARMENES search for exoplanets around M dwarfs . First visual-channel radial-velocity measurements and orbital parameter updates of seven M-dwarf planetary systems}",
      journal = {\aap},
     keywords = {planetary systems, stars: late-type, stars: low-mass, planets and satellites: dynamical evolution and stability, Astrophysics - Earth and Planetary Astrophysics},
         year = 2018,
        month = feb,
       volume = {609},
          eid = {A117},
        pages = {A117},
          doi = {10.1051/0004-6361/201731442},
archivePrefix = {arXiv},
       eprint = {1710.01595},
 primaryClass = {astro-ph.EP},
       adsurl = {https://ui.adsabs.harvard.edu/abs/2018A&A...609A.117T},
      adsnote = {Provided by the SAO/NASA Astrophysics Data System}
}

@ARTICLE{2015ApJ...808...16N,
       author = {{Ness}, M. and {Hogg}, David W. and {Rix}, H. -W. and {Ho}, Anna. Y.~Q. and {Zasowski}, G.},
        title = "{The Cannon: A data-driven approach to Stellar Label Determination}",
      journal = {\apj},
     keywords = {methods: data analysis, methods: statistical, stars: abundances, stars: fundamental parameters, surveys, techniques: spectroscopic, Astrophysics - Solar and Stellar Astrophysics, Astrophysics - Astrophysics of Galaxies, Astrophysics - Instrumentation and Methods for Astrophysics},
         year = 2015,
        month = jul,
       volume = {808},
       number = {1},
          eid = {16},
        pages = {16},
          doi = {10.1088/0004-637X/808/1/16},
archivePrefix = {arXiv},
       eprint = {1501.07604},
 primaryClass = {astro-ph.SR},
       adsurl = {https://ui.adsabs.harvard.edu/abs/2015ApJ...808...16N},
      adsnote = {Provided by the SAO/NASA Astrophysics Data System}
}

@ARTICLE{2012MNRAS.422.1489W,
       author = {{Woolf}, Vincent M. and {West}, Andrew A.},
        title = "{The M dwarf problem in the Galaxy}",
      journal = {\mnras},
     keywords = {stars: abundances, stars: late-type, stars: statistics, Galaxy: abundances, Galaxy: evolution, Galaxy: stellar content, Astrophysics - Solar and Stellar Astrophysics},
         year = 2012,
        month = may,
       volume = {422},
       number = {2},
        pages = {1489-1494},
          doi = {10.1111/j.1365-2966.2012.20722.x},
archivePrefix = {arXiv},
       eprint = {1202.3078},
 primaryClass = {astro-ph.SR},
       adsurl = {https://ui.adsabs.harvard.edu/abs/2012MNRAS.422.1489W},
      adsnote = {Provided by the SAO/NASA Astrophysics Data System}
}


